<record xmlns="http://www.loc.gov/MARC21/slim" xmlns:xsi="http://www.w3.org/2001/XMLSchema-instance" xsi:schemaLocation="http://www.loc.gov/MARC21/slim http://www.loc.gov/standards/marcxml/schema/MARC21slim.xsd">

  <leader>01232nab a2200157   4500</leader>
  <controlfield tag="008">150603b1999    cr f|||| |||| 00| 0 spa d</controlfield>
  <datafield ind1=" " ind2=" " tag="090">
    <subfield code="a">REVIS 06.02.01</subfield>
  </datafield>
  <datafield tag="100" ind2=" " ind1="1">
    <subfield code="9">138</subfield>
    <subfield code="a">Guerrero Rojas, Ivannia</subfield>
  </datafield>
  <datafield ind2="3" tag="245" ind1="1">
    <subfield code="a">La distribución del espacio físico en el edificio de la Facultad de Ciencias Sociales /</subfield>
    <subfield code="c"> Ivannia Guerrero Rojas</subfield>
  </datafield>
  <datafield tag="260" ind2=" " ind1=" ">
    <subfield code="a">San José, Costa Rica :</subfield>
    <subfield code="b">Editorial Universidad de Costa Rica,</subfield>
    <subfield code="c">1999</subfield>
  </datafield>
  <datafield ind2=" " tag="300" ind1=" ">
    <subfield code="a">páginas 187-224</subfield>
  </datafield>
  <datafield ind1=" " ind2=" " tag="520">
    <subfield code="a">El presente estudio analiza la utilización actual del edifio de la Facultad de Ciencias Sociales, evalúa las condiciones ambientales en las diferentes áreas de trabajo e identifica las necesidades de espacio físico de las distintas unidades que la integran con el fin de proponer a las autoridades de la Facultad en particular y de la Universidad en general la optimización del uso de las áreas existentes para adecuarlas al quehacer académico, mejorar las condiciones de trabajo así como la expansión física de acuerdo con las necesidades de desarrollo</subfield>
  </datafield>
  <datafield ind1="1" tag="650" ind2="4">
    <subfield code="9">1</subfield>
    <subfield code="a">EDUCACIÓN</subfield>
  </datafield>
  <datafield ind1="0" tag="773" ind2=" ">
    <subfield code="d">San José, Costa Rica : Editorial de la Universidad de Costa Rica, 1997-</subfield>
    <subfield code="o">R0022</subfield>
    <subfield code="t">EDUCACIÓN: Revista de la Universidad de Costa Rica</subfield>
    <subfield code="g">Vol.23, no.1 (1999)</subfield>
  </datafield>
  <datafield ind1=" " tag="942" ind2=" ">
    <subfield code="2">z</subfield>
    <subfield code="c">10</subfield>
  </datafield>
  <datafield ind1=" " ind2=" " tag="999">
    <subfield code="c">2620</subfield>
    <subfield code="d">2620</subfield>
  </datafield>
</record>